@misc{leaflet,
	title = {Leaflet Webpage},
	howpublished = {\url{https://leafletjs.com/}},
	note = {Accessed: 2019-01-01}
}
@misc{gmaps,
	title = {Google Maps Platform Documentaci√≥n},
	howpublished = {\url{https://developers.google.com/maps/documentation/?hl=es}},
	note = {Accessed: 2019-01-01}
}
@misc{postgres,
	title = {PostgreSQL: Relational Database},
	howpublished = {\url{https://www.postgresql.org/}},
	note = {Accessed: 2019-01-01}
}
@misc{neo4j,
	title = {Neo4j Graph Platform},
	howpublished = {\url{https://neo4j.com/}},
	note = {Accessed: 2019-01-01}
}
@misc{osm,
	title = {OpenStreetMap},
	howpublished = {\url{https://www.openstreetmap.org/}},
	note = {Accessed: 2019-01-01}
}
@misc{flask,
	title = {Flask (A Python Microframework)},
	howpublished = {\url{http://flask.pocoo.org/}},
	note = {Accessed: 2019-01-01}
}
